
    <marc:record>
        <marc:leader>03200cam a2200469 c 4500</marc:leader>
        <marc:controlfield tag="001">990314334304702202</marc:controlfield>
        <marc:controlfield tag="005">20230302112259.0</marc:controlfield>
        <marc:controlfield tag="007">cr||||||||||||</marc:controlfield>
        <marc:controlfield tag="007">ta</marc:controlfield>
        <marc:controlfield tag="008">131025s2003    no ||||j |||||000|1|mul| </marc:controlfield>
        <marc:datafield tag="020" ind1=" " ind2=" ">
            <marc:subfield code="a">8299625823</marc:subfield>
            <marc:subfield code="q">h.</marc:subfield>
        </marc:datafield>
        <marc:datafield tag="041" ind1="1" ind2=" ">
            <marc:subfield code="a">nno</marc:subfield>
            <marc:subfield code="a">nob</marc:subfield>
            <marc:subfield code="h">nob</marc:subfield>
        </marc:datafield>
        <marc:datafield tag="080" ind1=" " ind2=" ">
            <marc:subfield code="a">82(08)</marc:subfield>
        </marc:datafield>
        <marc:datafield tag="080" ind1=" " ind2=" ">
            <marc:subfield code="a">82(08)-3</marc:subfield>
        </marc:datafield>
        <marc:datafield tag="082" ind1="0" ind2="4">
            <marc:subfield code="a">808.83</marc:subfield>
            <marc:subfield code="2">23</marc:subfield>
        </marc:datafield>
        <marc:datafield tag="082" ind1="7" ind2="4">
            <marc:subfield code="a">808.83</marc:subfield>
            <marc:subfield code="q">NO-OsNB</marc:subfield>
            <marc:subfield code="2">5/nor</marc:subfield>
        </marc:datafield>
        <marc:datafield tag="240" ind1="0" ind2="0">
            <marc:subfield code="a">Dramatisk</marc:subfield>
            <marc:subfield code="c">tekstsamlingen er redigert av Foreningen !les</marc:subfield>
            <marc:subfield code="1">http://viaf.org/viaf/49149294365380522384/Dramatisk</marc:subfield>
        </marc:datafield>
        <marc:datafield tag="245" ind1="0" ind2="0">
            <marc:subfield code="a">Dramatisk</marc:subfield>
            <marc:subfield code="c">tekstsamlingen er redigert av Foreningen !les</marc:subfield>
        </marc:datafield>
        <marc:datafield tag="260" ind1=" " ind2=" ">
            <marc:subfield code="a">Oslo</marc:subfield>
            <marc:subfield code="b">Foreningen !les</marc:subfield>
            <marc:subfield code="c">2003</marc:subfield>
        </marc:datafield>
        <marc:datafield tag="300" ind1=" " ind2=" ">
            <marc:subfield code="a">87 s.</marc:subfield>
            <marc:subfield code="b">ill.</marc:subfield>
        </marc:datafield>
        <marc:datafield tag="336" ind1=" " ind2=" ">
            <marc:subfield code="a">text</marc:subfield>
            <marc:subfield code="2">rdacontent</marc:subfield>
            <marc:subfield code="0">http://rdaregistry.info/termList/RDAContentType/1020</marc:subfield>
        </marc:datafield>
        <marc:datafield tag="337" ind1=" " ind2=" ">
            <marc:subfield code="a">unmediated</marc:subfield>
            <marc:subfield code="2">rdamedia</marc:subfield>
            <marc:subfield code="0">http://rdaregistry.info/termList/RDAMediaType/1007</marc:subfield>
        </marc:datafield>
        <marc:datafield tag="338" ind1=" " ind2=" ">
            <marc:subfield code="a">volume</marc:subfield>
            <marc:subfield code="2">rdacarrier</marc:subfield>
            <marc:subfield code="0">http://rdaregistry.info/termList/RDACarrierType/1049</marc:subfield>
        </marc:datafield>
        <marc:datafield tag="490" ind1="1" ind2=" ">
            <marc:subfield code="a">Aksjon tXt</marc:subfield>
            <marc:subfield code="v">2003</marc:subfield>
        </marc:datafield>
        <marc:datafield tag="500" ind1=" " ind2=" ">
            <marc:subfield code="a">&quot;En Foreningen !les produksjon&quot; - Omslaget</marc:subfield>
        </marc:datafield>
        <marc:datafield tag="500" ind1=" " ind2=" ">
            <marc:subfield code="a">Boken er en gave til alle elever i ungdomsskolen</marc:subfield>
        </marc:datafield>
        <marc:datafield tag="500" ind1=" " ind2=" ">
            <marc:subfield code="a">Inneholder utdrag fra 14 tidligere publiserte bøker</marc:subfield>
        </marc:datafield>
        <marc:datafield tag="700" ind1="1" ind2="2">
            <marc:subfield code="a">Bringsværd, Tor Åge</marc:subfield>
            <marc:subfield code="d">1939-</marc:subfield>
            <marc:subfield code="t">Den/store/boken/om/norrøne/guder</marc:subfield>
            <marc:subfield code="1">http://viaf.org/viaf/301771064</marc:subfield>
            <marc:subfield code="4">aut</marc:subfield>
            <marc:subfield code="4">http://rdaregistry.info/Elements/w/object/P10061</marc:subfield>
        </marc:datafield>
        <marc:datafield tag="700" ind1="1" ind2="2">
            <marc:subfield code="a">Carey, Peter</marc:subfield>
            <marc:subfield code="d">1943-</marc:subfield>
            <marc:subfield code="t">Den/store/premien</marc:subfield>
            <marc:subfield code="1">http://viaf.org/viaf/110569724</marc:subfield>
            <marc:subfield code="4">aut</marc:subfield>
            <marc:subfield code="4">http://rdaregistry.info/Elements/w/object/P10061</marc:subfield>
        </marc:datafield>
        <marc:datafield tag="700" ind1="1" ind2="2">
            <marc:subfield code="a">Colfer, Eoin</marc:subfield>
            <marc:subfield code="d">1965-</marc:subfield>
            <marc:subfield code="t">Artemis/Fowl</marc:subfield>
            <marc:subfield code="1">http://viaf.org/viaf/69145969</marc:subfield>
            <marc:subfield code="4">aut</marc:subfield>
            <marc:subfield code="4">http://rdaregistry.info/Elements/w/object/P10061</marc:subfield>
        </marc:datafield>
        <marc:datafield tag="700" ind1="1" ind2="2">
            <marc:subfield code="a">Eisner, Will</marc:subfield>
            <marc:subfield code="d">1917-2005</marc:subfield>
            <marc:subfield code="t">Moby/Dick</marc:subfield>
            <marc:subfield code="1">http://viaf.org/viaf/10455</marc:subfield>
            <marc:subfield code="4">aut</marc:subfield>
            <marc:subfield code="4">http://rdaregistry.info/Elements/w/object/P10061</marc:subfield>
        </marc:datafield>
        <marc:datafield tag="700" ind1="1" ind2="2">
            <marc:subfield code="a">Hagerup, Hilde</marc:subfield>
            <marc:subfield code="d">1976-</marc:subfield>
            <marc:subfield code="t">Løvetannsang</marc:subfield>
            <marc:subfield code="1">http://viaf.org/viaf/66718481</marc:subfield>
            <marc:subfield code="4">aut</marc:subfield>
            <marc:subfield code="4">http://rdaregistry.info/Elements/w/object/P10061</marc:subfield>
        </marc:datafield>
        <marc:datafield tag="700" ind1="1" ind2="2">
            <marc:subfield code="a">Johnsen, Kjetil</marc:subfield>
            <marc:subfield code="d">1966-02-23-</marc:subfield>
            <marc:subfield code="t">Like/a/rolling/stone</marc:subfield>
            <marc:subfield code="1">http://viaf.org/viaf/167306445</marc:subfield>
            <marc:subfield code="4">aut</marc:subfield>
            <marc:subfield code="4">http://rdaregistry.info/Elements/w/object/P10061</marc:subfield>
        </marc:datafield>
        <marc:datafield tag="700" ind1="1" ind2="2">
            <marc:subfield code="a">Kaaberbøl, Lene</marc:subfield>
            <marc:subfield code="d">1960-</marc:subfield>
            <marc:subfield code="t">Skammarens/dotter</marc:subfield>
            <marc:subfield code="1">http://viaf.org/viaf/17553787</marc:subfield>
            <marc:subfield code="4">aut</marc:subfield>
            <marc:subfield code="4">http://rdaregistry.info/Elements/w/object/P10061</marc:subfield>
        </marc:datafield>
        <marc:datafield tag="700" ind1="1" ind2="2">
            <marc:subfield code="a">Knudsen, Sverre</marc:subfield>
            <marc:subfield code="d">1955-</marc:subfield>
            <marc:subfield code="t">Rask</marc:subfield>
            <marc:subfield code="1">http://viaf.org/viaf/10985923</marc:subfield>
            <marc:subfield code="4">aut</marc:subfield>
            <marc:subfield code="4">http://rdaregistry.info/Elements/w/object/P10061</marc:subfield>
        </marc:datafield>
        <marc:datafield tag="700" ind1="1" ind2="2">
            <marc:subfield code="a">Loe, Erlend</marc:subfield>
            <marc:subfield code="d">1969-</marc:subfield>
            <marc:subfield code="t">Kurt/blir/grusom</marc:subfield>
            <marc:subfield code="1">http://viaf.org/viaf/41931427</marc:subfield>
            <marc:subfield code="4">aut</marc:subfield>
            <marc:subfield code="4">http://rdaregistry.info/Elements/w/object/P10061</marc:subfield>
        </marc:datafield>
        <marc:datafield tag="700" ind1="1" ind2="2">
            <marc:subfield code="a">Olsen, Pål Gerhard</marc:subfield>
            <marc:subfield code="d">1959-</marc:subfield>
            <marc:subfield code="t">Tigrene/på/opptur</marc:subfield>
            <marc:subfield code="1">http://viaf.org/viaf/66514645</marc:subfield>
            <marc:subfield code="4">aut</marc:subfield>
            <marc:subfield code="4">http://rdaregistry.info/Elements/w/object/P10061</marc:subfield>
        </marc:datafield>
        <marc:datafield tag="700" ind1="1" ind2="2">
            <marc:subfield code="a">Renberg, Tore</marc:subfield>
            <marc:subfield code="d">1972-</marc:subfield>
            <marc:subfield code="t">Mannen/som/elsket/Yngve</marc:subfield>
            <marc:subfield code="1">http://viaf.org/viaf/5930152502773210800007</marc:subfield>
            <marc:subfield code="4">aut</marc:subfield>
            <marc:subfield code="4">http://rdaregistry.info/Elements/w/object/P10061</marc:subfield>
        </marc:datafield>
        <marc:datafield tag="700" ind1="1" ind2="2">
            <marc:subfield code="a">Shan, Darren</marc:subfield>
            <marc:subfield code="d">1972-</marc:subfield>
            <marc:subfield code="t">Skrekkens/sirkus</marc:subfield>
            <marc:subfield code="1">http://viaf.org/viaf/79514873</marc:subfield>
            <marc:subfield code="4">aut</marc:subfield>
            <marc:subfield code="4">http://rdaregistry.info/Elements/w/object/P10061</marc:subfield>
        </marc:datafield>
        <marc:datafield tag="700" ind1="1" ind2="2">
            <marc:subfield code="a">Svingen, Arne</marc:subfield>
            <marc:subfield code="d">1967-</marc:subfield>
            <marc:subfield code="t">Karisma</marc:subfield>
            <marc:subfield code="1">http://viaf.org/viaf/79494391</marc:subfield>
            <marc:subfield code="4">aut</marc:subfield>
            <marc:subfield code="4">http://rdaregistry.info/Elements/w/object/P10061</marc:subfield>
        </marc:datafield>
        <marc:datafield tag="700" ind1="1" ind2="2">
            <marc:subfield code="a">Trohaug, Ragnfrid</marc:subfield>
            <marc:subfield code="d">1975-</marc:subfield>
            <marc:subfield code="t">Frå/null/til/no</marc:subfield>
            <marc:subfield code="1">http://viaf.org/viaf/78136149</marc:subfield>
            <marc:subfield code="4">aut</marc:subfield>
            <marc:subfield code="4">http://rdaregistry.info/Elements/w/object/P10061</marc:subfield>
        </marc:datafield>
        <marc:datafield tag="830" ind1=" " ind2="0">
            <marc:subfield code="a">Aksjon tXt ... (trykt utg.)</marc:subfield>
            <marc:subfield code="x">1890-405x</marc:subfield>
            <marc:subfield code="v">2003</marc:subfield>
            <marc:subfield code="w">990715894654702201</marc:subfield>
        </marc:datafield>
    </marc:record>